@incollection{councill2001,
 author = {Councill, Bill and Heineman, George T.},
 chapter = {Definition of a Software Component and Its Elements},
 title = {Component-based Software Engineering},
 editor = {Heineman, George T. and Councill, William T.},
 year = {2001},
 isbn = {0-201-70485-4},
 pages = {5--19},
 numpages = {15},
 url = {http://dl.acm.org/citation.cfm?id=379381.379438},
 acmid = {379438},
 publisher = {Addison-Wesley Longman Publishing Co., Inc.},
 address = {Boston, MA, USA},
}

@book{sommerville2011,
  title={ENGENHARIA DE SOFTWARE},
  author={SOMMERVILLE, IAN},
  isbn={9788579361081},
  edition={9th},
  url={http://books.google.com.br/books?id=H4u5ygAACAAJ},
  publisher={PEARSON BRASIL},
  address={SÃ£o Paulo, SP, Brasil}
}

@book{Szypersk2002,
 author = {Szyperski, Clemens},
 title = {Component Software: Beyond Object-Oriented Programming},
 year = {2002},
 isbn = {0201745720},
 edition = {2nd},
 publisher = {Addison-Wesley Longman Publishing Co., Inc.},
 address = {Boston, MA, USA},
}

@book{deitel2010,
  title={Java: como programar},
  author={Deitel, H.M. and Deitel, P.D.},
  isbn={9788576055631},
  edition={8th},
  url={http://books.google.com.br/books?id=xWMVRAAACAAJ},
  year={2010},
  publisher={PRENTICE HALL BRASIL},
  address={VER CIDADE, VER ESTADO, Brasil}
}

@book{roger2011engenharia,
  title={Engenharia de Software: Uma Abordagem Profissional},
  author={Roger S. Pressman},
  edition={7th},
  isbn={9788563308337},
  url={http://books.google.com.br/books?id=eRIOuQAACAAJ},
  year={2011},
  publisher={AMGH},
  address={Porto Alegre, RS, Brasil}
}

@book{coulouris2007,
  title={Sistemas Distribu{\'\i}dos: Conceitos e Projeto},
  author={COULOURIS, G. and DOLLIMORE, J. and KINDBERG, TIM},
  isbn={9788560031498},
  url={http://books.google.com.br/books?id=KSZ1rIRWmUoC},
  year={2007},
  edition[{4th},
  publisher={BOOKMAN COMPANHIA ED},
  address={Porto Alegre, RS, Brasil}
}