@article{rouvoy2009,
 affiliation          = {University of Oslo Department of Informatics P.O. Box 1080 Blindern 0316 Oslo Norway},
 author               = {Rouvoy, Romain and Merle, Philippe},
 issn                 = {0003-4347},
 issue                = {1},
 journal              = {Annals of Telecommunications},
 keyword              = {Engineering},
 note                 = {10.1007/s12243-008-0072-z},
 pages                = {65-79},
 publisher            = {Springer Paris},
 title                = {{Leveraging component-based software engineering with Fraclet}},
 url                  = {http://dx.doi.org/10.1007/s12243-008-0072-z},
 volume               = {64},
 year                 = {2009}
}

@incollection{blair2011,
 affiliation          = {School of Computing and Communications, Lancaster University, UK},
 author               = {Blair, Gordon and Paolucci, Massimo and Grace, Paul and Georgantas, Nikolaos},
 booktitle            = {Formal Methods for Eternal Networked Software Systems},
 editor               = {Bernardo, Marco and Issarny, Val\'erie},
 isbn                 = {978-3-642-21454-7},
 keyword              = {Computer Science},
 note                 = {10.1007/978-3-642-21455-4\_1},
 pages                = {1-26},
 publisher            = {Springer Berlin / Heidelberg},
 series               = {Lecture Notes in Computer Science},
 title                = {{Interoperability in Complex Distributed Systems}},
 url                  = {http://dx.doi.org/10.1007/978-3-642-21455-4\_1},
 volume               = {6659},
 year                 = {2011}
}

@article{inverardi2010,
  title={A theory of mediators for eternal connectors},
  author={Inverardi, Paola and Issarny, Val{\'e}rie and Spalazzese, Romina},
  journal={Leveraging Applications of Formal Methods, Verification, and Validation},
  pages={236--250},
  year={2010},
  publisher={Springer}
}

@article{bromberg2011,
  title={Bridging the interoperability gap: overcoming combined application and middleware heterogeneity},
  author={Bromberg, {Y{\'e}rom-David} and Grace, Paul and R{\'e}veill{\`e}re, Laurent and Blair, Gordon},
  journal={12th IFIP/ACM/USENIX International Middleware Conference},
  pages={390--409},
  year={2011},
  publisher={Springer}
}

@Manual{spring2007,
	title = {The spring framework - reference documentation},
	author = {Rod Johnson and Juergen Hoeller and Alef Arendsen and Colin Sampaleanu and Rob Harrop and Thomas Risberg and Darren Davison and Dmitriy Kopylenko and Mark Pollack and Thierry Templier and Erwin Vervaet and Portia Tung and Ben Hale and Adrian Colyer and John Lewis and Costin Leau and Rick Evans},
	edition = {2.0.6},
	year = {2007}
}

@Manual{ejb2005,
	title = {JSR 220: Enterprise JavaBeans},
	edition = {3.0},
	author = {DeMichiel, Linda and Keith, Michael},
	organization = {Sun Microsystems},
	address = {Santa Clara},
	year = {2007}
}

@Manual{ccm2002,
	title = {OMG CORBA component model (CCM) specification},
	author = {OMG},
	edition = {3.0},
	organization = {OMG},
	address = {Needham},
	month = {Junho},
	year = {2002}
}

@Manual{sca2007,
	title = {Service component architecture (SCA) assembly model specification},
	author = {{OASIS Open}},
	edition = {1.1},
	year = {2011}
}

@incollection{councill2001,
 author = {Councill, Bill and Heineman, George T.},
 chapter = {Definition of a Software Component and Its Elements},
 title = {Component-based Software Engineering},
 editor = {Heineman, George T. and Councill, William T.},
 year = {2001},
 isbn = {0-201-70485-4},
 pages = {5--19},
 numpages = {15},
 url = {http://dl.acm.org/citation.cfm?id=379381.379438},
 acmid = {379438},
 publisher = {Addison-Wesley Longman Publishing Co., Inc.},
 address = {Boston, MA, USA}
}

@book{sommerville2011,
  title={Engenharia de Software},
  year={2011},
  author={Sommerville, Ian},
  isbn={9788579361081},
  edition={9 ed.},
  url={http://books.google.com.br/books?id=H4u5ygAACAAJ},
  publisher={Pearson Brasil},
  address={S\~ao Paulo, SP, Brasil}
}

@book{Szyperski2002,
 author = {Szyperski, Clemens},
 title = {Component Software: Beyond Object-Oriented Programming},
 year = {2002},
 isbn = {0201745720},
 edition = {2nd},
 publisher = {Addison-Wesley Longman Publishing Co., Inc.},
 address = {Boston, MA, USA}
}

@book{deitel2010,
  title={Java: como programar},
  author={Deitel, H.M. and Deitel, P.D.},
  isbn={9788576055631},
  edition={8 ed.},
  url={http://books.google.com.br/books?id=xWMVRAAACAAJ},
  year={2010},
  publisher={PEARSON BRASIL},
  address={São Paulo, SP, Brasil}
}

@book{pressman2011,
  title={Engenharia de Software: Uma Abordagem Profissional},
  author={Roger S. Pressman},
  edition={7 ed.},
  isbn={9788563308337},
  url={http://books.google.com.br/books?id=eRIOuQAACAAJ},
  year={2011},
  publisher={AMGH},
  address={Porto Alegre, RS, Brasil}
}

@book{coulouris2007,
  title={Sistemas Distribu{\'\i}dos: Conceitos e Projeto},
  author={Coulouris, G. and Dollimore, J. and Kindberg, T.},
  isbn={9788560031498},
  url={http://books.google.com.br/books?id=KSZ1rIRWmUoC},
  year={2007},
  edition={4 ed.},
  publisher={Bookman},
  address={Porto Alegre, RS, Brasil}
}

@phdthesis{rocha2008,
 address={Campinas, SP, Brasil},
 author={Tarcisio da Rocha},
 school={Instituto de Computa\c{c}\~ao, Universidade Estadual de Campinas},
 title={{Servi\c{c}os de transa\c{c}\~ao abertos para ambientes din\^amicos}},
 year={2008}
}

@inproceedings{clarke2001,
 author = {Clarke, Michael and Blair, Gordon S. and Coulson, Geoff and Parlavantzas, Nikos},
 title = {An Efficient Component Model for the Construction of Adaptive Middleware},
 booktitle = {Proceedings of the IFIP/ACM International Conference on Distributed Systems Platforms Heidelberg},
 series = {Middleware '01},
 year = {2001},
 isbn = {3-540-42800-3},
 pages = {160--178},
 numpages = {19},
 url = {http://dl.acm.org/citation.cfm?id=646591.697779},
 acmid = {697779},
 publisher = {Springer-Verlag},
 address = {London, UK, UK}
}

@thesis{nascimento2013,
 address={Aracaju, SE, Brasil},
 author={Sidney Cassemiro do Nascimento},
 school={Universidade Federal de Sergipe},
 title={Um Framework Extens\'ivel para Interoperabilidade Din\^amica entre Componentes Distribu\'idos},
 year={2013}
}

@book{hall2011,
 author = {Hall, Richard and Pauls, Karl and McCulloch, Stuart and Savage, David},
 title = {Osgi in Action: Creating Modular Applications in Java},
 year = {2011},
 isbn = {1933988916, 9781933988917},
 edition = {1st},
 publisher = {Manning Publications Co.},
 address = {Greenwich, CT, USA}
} 

@book{kirk2012,
  title={Java Application Architecture: Modularity Patterns with Examples Using OSGi},
  author={Knoernschild, K.},
  isbn={9780321247131},
  lccn={2011051434},
  series={Agile Software Development Series},
  url={http://books.google.com.br/books?id=iOtwFoU1Dt4C},
  year={2012},
  publisher={Prentice Hall}
}

@book{knuth1996,
  title={Selected Papers on Computer Science},
  author={Knuth, D.E.},
  isbn={9781881526919},
  lccn={96011382},
  series={CSLI lecture notes: Center for the Study of Language and Information},
  url={http://books.google.com.br/books?id=hqBpQgAACAAJ},
  year={1996},
  publisher={University of Chicago Press}
}

@article{coulson2008,
 author = {Coulson, Geoff and Blair, Gordon and Grace, Paul and Taiani, Francois and Joolia, Ackbar and Lee, Kevin and Ueyama, Jo and Sivaharan, Thirunavukkarasu},
 title = {A Generic Component Model for Building Systems Software},
 journal = {ACM Trans. Comput. Syst.},
 issue_date = {February 2008},
 volume = {26},
 number = {1},
 month = mar,
 year = {2008},
 issn = {0734-2071},
 pages = {1:1--1:42},
 articleno = {1},
 numpages = {42},
 url = {http://doi.acm.org/10.1145/1328671.1328672},
 doi = {10.1145/1328671.1328672},
 acmid = {1328672},
 publisher = {ACM},
 address = {New York, NY, USA},
 keywords = {Component-based software, computer systems implementation}
} 

@unpublished{grace2007,
 author={Grace, P.},
 title={{The OpemCOMJ Handbook. Technical report, Distributed Multimedia Research Group}},
 note={Lancaster University, Lancaster},
 year={2007}
}

@book{tanenbaum2007,
  title={Sistemas distribu{\'\i}dos: princ{\'\i}pios e paradgmas},
  author={Tanenbaum, A.S. and van Steen, M.},
  isbn={9788576051428},
  url={http://books.google.com.br/books?id=r2SGPgAACAAJ},
  year={2007},
  edition={2 ed.},
  publisher={Pearson Prentice Hall}
}

@article{bruneton2006,
 author = {Bruneton, Eric and Coupaye, Thierry and Leclercq, Matthieu and Qu{\'e}ma, Vivien and Stefani, Jean-Bernard},
 title = {The FRACTAL Component Model and Its Support in Java: Experiences with Auto-adaptive and Reconfigurable Systems},
 journal = {Softw. Pract. Exper.},
 issue_date = {September 2006},
 volume = {36},
 number = {11-12},
 month = sep,
 year = {2006},
 issn = {0038-0644},
 pages = {1257--1284},
 numpages = {28},
 url = {http://dx.doi.org/10.1002/spe.v36:11/12},
 doi = {10.1002/spe.v36:11/12},
 acmid = {1152345},
 publisher = {John Wiley \& Sons, Inc.},
 address = {New York, NY, USA},
 keywords = {Java components, aspects and components, component-based programming, reflective component model},
}

@incollection{coupaye2007,
year={2007},
isbn={978-3-540-71772-0},
booktitle={Object-Oriented Technology. ECOOP 2006 Workshop Reader},
volume={4379},
series={Lecture Notes in Computer Science},
editor={Südholt, Mario and Consel, Charles},
doi={10.1007/978-3-540-71774-4_13},
title={Fractal Component-Based Software Engineering},
url={http://dx.doi.org/10.1007/978-3-540-71774-4_13},
publisher={Springer Berlin Heidelberg},
author={Coupaye, Thierry and Stefani, Jean-Bernard},
pages={117-129}
}

@phdthesis{fielding2000,
 author = {Fielding, Roy Thomas},
 title = {Architectural Styles and the Design of Network-based Software Architectures},
 year = {2000},
 isbn = {0-599-87118-0},
 note = {AAI9980887},
 publisher = {University of California, Irvine},
} 

@www{w3c2004,
 author={W3C, Consortium},
 title={{Web Services Glossary}},
 year={2004},
 url={http://www.w3.org/TR/2004/NOTE-ws-gloss-20040211/},
 urlaccessdate={19 maio 2014}
}

@www{osgi,
 author={ OSGi™ Alliance},
 title={{The OSGi Architecture}},
 url={http://www.osgi.org/Technology/WhatIsOSGi},
 urlaccessdate={22 maio 2014}
}

@book{harold2004,
  abstract = {Thoroughly revised to cover all the 100+ significant updates to Java Developers Kit (JDK) 1.5, Java Network Programming is a complete introduction to developing network programs (both applets and applications) using Java, covering everything from networking fundamentals to remote method invocation (RMI). It includes chapters on TCP and UDP sockets, multicasting protocol and content handlers, servlets, and the new I/O API. This is the essential resource for any serious Java developer.},
  added-at = {2012-05-30T11:05:36.000+0200},
  address = {Beijing},
  author = {Harold, Elliotte Rusty},
  biburl = {http://www.bibsonomy.org/bibtex/2f8a12b24fa67c82e6681889972a6557e/flint63},
  description = {Edition 1 1997 ISBN 978-1-56592-227-3},
  edition = 3,
  file = {O'Reilly Product page:http\://www.oreilly.com/catalog/9780596007218/:URL;Amazon Search inside:http\://www.amazon.de/gp/reader/0596007213/:URL;Google Books:http\://books.google.de/books?isbn=978-0-596-00721-8:URL},
  groups = {public},
  interhash = {f7f79cce5f9ad533d5063d3e293e5a0b},
  intrahash = {f8a12b24fa67c82e6681889972a6557e},
  isbn = {978-0-596-00721-8},
  keywords = {v1205 book software development java network api},
  publisher = {O'Reilly},
  timestamp = {2012-05-30T11:05:36.000+0200},
  title = {Java Network Programming},
  username = {flint63},
  year = 2004
}

@book{reilly2002,
  title={Java network programming and distributed computing},
  author={Reilly, D. and Reilly, M.},
  isbn={9780201710373},
  lccn={2002101206},
  url={http://books.google.com.br/books?id=xKJQAAAAMAAJ},
  year={2002},
  publisher={ADDISON WESLEY Publishing Company Incorporated}
}

@article{ruixian2000,
 affiliation          = {Department of Computer Science; P.O.Box 26 (Teollisuuskatu 23); FIN-00014 University of Helsinki},
 author               = {Bao Ruixian},
 journal              = {},
 pages                = {},
 publisher            = {},
 title                = {Distributed Computing Via RMI And CORBA},
 year                 = {2000},
 url                  = {http://europepmc.org/abstract/CIT/497529}
}

@article{crnkovic2011,
  title={Software components beyond programming: From routines to services},
  author={Crnkovic, Ivica and Stafford, Judith and Szyperski, Clemens},
  journal={Software, IEEE},
  volume={28},
  number={3},
  pages={22--26},
  year={2011},
  publisher={IEEE}
}

@www{ecf2014,
 author={The Eclipse Foundation},
 title={{Eclipse Communication Framework Project Home}},
 url={http://www.eclipse.org/ecf/},
 urlaccessdate={05 junho 2014}
}

@unpublished{adamatii2006,
 author={P. M. Adamatii},
 title={{FUMIGANT: Gerador de c\'odigo Java a partir de Base de Dados}},
 note={Faculdade Cenecista Nossa Senhora dos Anjos, Gravata\'{i}},
 year={2006}
}

@inproceedings{kornecki2006,
 AUTHOR = "Andrew J. Kornecki and Sona Johri",
 TITLE = {{Automatic Code Generation: Model-Code Semantic Consistency}},
 booktitle = "Software Engineering Research and Practice'06",
 PAGES = {191-197},
 YEAR = {2006}
}

@www{omg2012,
 author={OMG},
 title={{Model Driven Architecture}},
 year={2012},
 url={http://www.omg.org/mda/},
 urlaccessdate={16 jun. 2012}
}

@www{acceleo2012,
 author={ACCELEO},
 title={{Acceleo's website}},
 year={2012},
 url={http://www.acceleo.org/pages/home/en},
 urlaccessdate={16 jun. 2012}
}